%# -*- coding: utf-8-unix -*-

@book{Meta_CN,
  title = {电磁超介质及其应用},
  address = {北京},
  publisher = {国防工业出版社},
  year = {2008},
  author = {崔万照 and 马伟 and 邱乐德 and 张洪太}
}

@book{JohnD,
  title = {Photonic Crystals: Molding the Flow of Light},
  publisher = {Princeton University Press},
  year = {2008},
  author = {Joannopoulos, J. D. and Johnson, S. G. and Winn, J. N.}
}

@book{IEEE-1363,
  author={IEEE Std 1363-2000},
  title={IEEE Standard Specifications for Public-Key Cryptography},
  address={New York},
  publisher={IEEE},
  year={2000}
}

@article{chen2007act,
  author = {Chen, H. and Chan, C. T.},
  title = {Acoustic cloaking in three dimensions using acoustic metamaterials},
  journal = {Applied Physics Letters},
  year = {2007},
  volume = {91},
  pages = {183518},
  publisher = {AIP}
}

@article{chen2007ewi,
  author = {Chen, H. and Wu, B. I. and Zhang, B. and Kong, J. A.},
  title = {Electromagnetic Wave Interactions with a Metamaterial Cloak},
  journal = {Physical Review Letters},
  year = {2007},
  volume = {99},
  pages = {63903},
  number = {6},
  publisher = {APS}
}

@article{he1999,
  title = {标准动态力发生装置国内外研究现状},
  number = {2},
  journal = {机电工程},
  author = {何闻},
  year = {1999},
  pages = {47-49},
}

@inproceedings{kocher99,
  author={C. Kocher and J. Jaffe and B. Jun},
  title={Differential Power Analysis},
  editor={M. Wiener},
  booktitle={Advances in Cryptology ({CRYPTO}~'99)},
  series={Lecture Notes in Computer Science},
  volume={1666},
  pages={388-397},
  publisher={Springer-Verlag},
  month={9},
  year={1999}
}

@incollection{Krasnogor2004e,
  AUTHOR = {N. Krasnogor},
  TITLE = {Towards robust memetic algorithms},
  BOOKTITLE = {Recent Advances in Memetic Algorithms},
  PUBLISHER = {Springer Berlin Heidelberg},
  YEAR = {2004},
  PAGES = {185-207},
  EDITOR = {W.E. Hart and N. Krasnogor and J.E. Smith},
  VOLUME = {166},
  SERIES = {Studies in Fuzziness and Soft Computing},
  ADDRESS = {New York},
}

@incollection{zjsw,
  AUTHOR = {班固},
  TITLE = {苏武传},
  BOOKTITLE = {传记散文英华},
  PUBLISHER = {湖北人民出版社},
  YEAR = {1998},
  PAGES = {65-69},
  EDITOR = {郑在瀛 and 汪超宏 and 周文复},
  VOLUME = {2},
  SERIES = {新古文观止丛书},
  ADDRESS = {武汉},
}


@inbook{clzs,
  AUTHOR = {阎真},
  TITLE = {沧浪之水},
  CHAPTER = {大人物还是讲人情的},
  PAGES = {185-207},
  PUBLISHER = {人民文学出版社},
  YEAR = {2001},
}

@book{tex,
 author    = {Donald E. Knuth},
 title     = {The {\TeX} Book},
 publisher = {Addison-Wesley Publishing Company},
 address   = {Reading, MA},
 year      = 1989,
 edition   = {15th},
}

@book{companion,
 author    = {Michel Goosens and Frank Mittelbach and Alexander Samarin},
 title     = {The {\LaTeX} Companion},
 publisher = {Addison-Wesley Publishing Company},
 address   = {Reading, MA},
 PAGES = {112--125},
 year      = 1994,
}

@article{ELIDRISSI94,
  AUTHOR =       {{Chafik El Idrissi}, M. and {Roney}, A. and {Frigon}, C. and
                  {Larzilli{\`e}re}, M.},
  TITLE =        {Measurements of total kinetic-energy released to the {$N=2$}
                  dissociation limit of {H}$_2$ --- evidence of the dissociation
                  of very high vibrational {R}ydberg states of {H}$_2$ by
                  doubly-excited states},
  JOURNAL =      {Chemical Physics Letters},
  PAGES =        {260-266},
  VOLUME =       224,
  NUMBER =       10,
  YEAR =         1994,
}

@ARTICLE{MELLINGER96,
  AUTHOR =       {Mellinger, A. and Vidal, C. R. and Jungen, Ch.},
  TITLE =        {Laser reduced fluorescence study of the carbon-monoxide nd
                  triplet {R}ydberg series-experimental results and multichannel
                  quantum-defect analysis},
  JOURNAL =      {J. Chem. Phys.},
  PAGES =        {8913-8921},
  VOLUME =       104,
  NUMBER =       5,
  YEAR =         1996,
}

@ARTICLE{SHELL02,
  AUTHOR =       {Michael Shell},
  TITLE =        {How to Use the {IEEEtran \LaTeX} Class},
  JOURNAL =      {Journal of {\LaTeX} Class Files},
  YEAR =         2002,
  VOLUME =       12,
  NUMBER =       4,
  PAGES =        {100--120}
}

@TechReport{NPB2,
  title =        {The {NAS} Parallel Benchmarks 2.0},
  author =       {Alex Woo and David Bailey and Maurice Yarrow and Wijngaart
                  Wijngaart and Tim Harris and William Saphir},
  year =         1995,
  month =        12,
  institution =  {The Pennsylvania State University CiteSeer Archives},
  url =          {http://www.nasa.org/}
}

@INPROCEEDINGS{DPMG,
  author =       {Kim, Sangbum and Woo, Namyoon and Yeom, Heon Y. and Park,
                  Taesoon and Park, Hyoungwoo},
  title =        {Design and {I}mplementation of {D}ynamic {P}rocess
                  {M}anagement for {G}rid-enabled {MPICH}},
  booktitle =    {the 10th European PVM/MPI Users' Group Conference},
  year =         2003,
  address =      {Venice, Italy},
  month =        sep,
}

@INPROCEEDINGS{cnproceed,
  author =       {王重阳 and 黄药师 and 欧阳峰 and 洪七公 and 段皇帝},
  title =        {武林高手论文集},
  booktitle =    {第~$N$~次华山论剑},
  year =         2006,
  address =      {西安, 中国},
  publisher = {中国古籍出版社},
  month =        sep,
}

@ARTICLE{cnarticle,
  AUTHOR =       {贾宝玉 and 林黛玉 and 薛宝钗 and 贾探春},
  TITLE =        {论刘姥姥食量大如牛之现实意义},
  JOURNAL =      {红楼梦杂谈},
  PAGES =        {260--266},
  VOLUME =       224,
  YEAR =         1800,
}

@thesis{zhubajie,
  author =       {猪八戒},
  title =        {论流体食物的持久保存},
  school =       {广寒宫大学},
  year =         2005,
  address =      {北京},
}

@thesis{shaheshang,
  title =        {论流沙河的综合治理},
  author =       {沙和尚},
  school =       {清华大学},
  year =         2005,
  address =      {北京},
}

@thesis{metamori2004,
  author =       {Ashwin Raju Jeyakumar},
  title =        {Metamori: A library for Incremental File Checkpointing},
  school =       {Virgina Tech},
  year =         2004,
  month =        7,
  address =      {Blacksburg},
}

@thesis{FistSystem01,
  AUTHOR =       {Erez Zadok},
  TITLE =        {FiST: A System for Stackable File System Code Generation},
  YEAR =         2001,
  MONTH =        {5},
  SCHOOL =       {Computer Science Department, Columbia University},
  ADDRESS =      {USA}
}

@INBOOK{ColdSources,
  AUTHOR =       {P. Gr{\"o}ning and L. Nilsson and P. Ruffieux and R.
                  Clergereaux and O. Gr{\"o}ning},
  TITLE =        {Encyclopedia of Nanoscience and Nanotechnology},
  pages =        {547--579},
  PUBLISHER =    {American Scientific Publishers},
  YEAR =         2004,
  volume =       1,
}

@phdthesis{bai2008,
	title={信用风险传染模型和信用衍生品的定价},
	author={白云芬},
	year={2008},
	school={上海交通大学},
	address={上海},
}


%萧钰.出版业信息化迈人快车道[EB/OL]. (2001-12-19)[2002-04-15]. http://www.creader.com/news/20011219/200112190019. html.
@article{xiaoyu2001,
  author =       {萧钰},
  title =        {出版业信息化迈人快车道},
  year =         {2001},
  TypeofLit =    {EB/OL},
  modifydate =   {2001-12-19},
  citedate =     {2002-04-15},
  url =          {http://www.creader.com/news/20011219/200112190019.html},
}

% 在线析出文献
@article{CHRISTINE1998,
  author =       {Christine, Mlot},
  title =        {Plant physiology: plant biology in the Genome Era},
  journal =      {Science},
  volume =       {281},
  pages =        {331-332},
  year =         {1998},
  TypeofLit =    {J/OL},
  citedate =     {1998-09-23},
  url =           {http://www.sciencemag.org/cgi/collection/anatmorp},
}

@book{RManual,
        Address = {Vienna, Austria},
        Author = {{R Core Team}},
        Note = {{ISBN} 3-900051-07-0},
        Organization = {R Foundation for Statistical Computing},
        title = {R: A Language and Environment for Statistical Computing},
        url = {http://www.R-project.org/},
        Year = {2012},
}
@inproceedings{SQAS15,
  title={Multi-agent reinforcement learning for traffic light control},
  author={Schaul, Tom and Quan, John and Antonoglou, Ioannis and Silver, David},
  booktitle={4th International Conference on Learning Representations (ICLR 2016)},
  year={2016}
}

@article{MKSR+15,
  title={Human-level control through deep reinforcement learning},
  author={Mnih, Volodymyr and Kavukcuoglu, Koray and Silver, David and Rusu, Andrei A and Veness, Joel and Bellemare, Marc G and Graves, Alex and Riedmiller, Martin and Fidjeland, Andreas K and Ostrovski, Georg and others},
  journal={Nature},
  volume={518},
  number={7540},
  pages={529},
  year={2015},
  publisher={Nature Publishing Group}
}

@article{Guer14,
  title={Traffic Congestion Costs Americans \$124 Billion A Year, Report Says},
  author={Guerrini, Federico},
  journal={Forbes, October},
  year={2014}
}


@book{Roess2011t,
  title={Traffic Engineering},
  author={Roess, Roger P and Prassas, Elena S and Mcshane, William R},
  publisher={Pearson/Prentice Hall},
  year={2011},
}


@inproceedings{SQAS15,
  title={Multi-agent reinforcement learning for traffic light control},
  author={Schaul, Tom and Quan, John and Antonoglou, Ioannis and Silver, David},
  booktitle={4th International Conference on Learning Representations (ICLR 2016)},
  year={2016}
}

@article{MKSR+15,
  title={Human-level control through deep reinforcement learning},
  author={Mnih, Volodymyr and Kavukcuoglu, Koray and Silver, David and Rusu, Andrei A and Veness, Joel and Bellemare, Marc G and Graves, Alex and Riedmiller, Martin and Fidjeland, Andreas K and Ostrovski, Georg and others},
  journal={Nature},
  volume={518},
  number={7540},
  pages={529},
  year={2015},
  publisher={Nature Publishing Group}
}

@article{Guer14,
  title={Traffic Congestion Costs Americans \$124 Billion A Year, Report Says},
  author={Guerrini, Federico},
  journal={Forbes, October},
  year={2014}
}

@article{LMNC12,
  title={Building a memory palace in minutes: Equivalent memory performance using virtual versus conventional environments with the Method of Loci},
  author={Legge, Eric LG and Madan, Christopher R and Ng, Enoch T and Caplan, Jeremy B},
  journal={Acta psychologica},
  volume={141},
  number={3},
  pages={380--390},
  year={2012},
  publisher={Elsevier}
}

@article{Godw10,
  title={Emerging technologies},
  author={Godwin-Jones, Robert},
  year={2010},
  publisher={University of Hawaii National Foreign Language Resource Center}
}

@inproceedings{VaOl16,
  title={Coordinated Deep Reinforcement Learners for Traffic Light Control},
  author={van der Pol et al.},
  year={2016},
  organization={NIPS}
}

@incollection{CoGD13,
  title={Self-organizing traffic lights: A realistic simulation},
  author={Cools, Seung-Bae and Gershenson, Carlos and D’Hooghe, Bart},
  booktitle={Advances in applied self-organizing systems},
  pages={45--55},
  year={2013},
  publisher={Springer}
}
@article{Mill63,
  title={Settings for fixed-cycle traffic signals},
  author={Miller, Alan J},
  journal={Journal of the Operational Research Society},
  volume={14},
  number={4},
  pages={373--386},
  year={1963},
  publisher={Springer}
}
@article{Webst58,
  title={Traffic signal settings},
  author={Webster, F. V},
  journal={Road Research Technical Paper},
  volume={39},
  year={1958},
}
@article{DiRK04,
  title={Comparison of delay estimates at under-saturated and over-saturated pre-timed signalized intersections},
  author={Dion, Francois and Rakha, Hesham and Kang, Youn-Soo},
  journal={Transportation Research Part B: Methodological},
  volume={38},
  number={2},
  pages={99--122},
  year={2004},
  publisher={Elsevier}
}

@phdthesis{Rijk15,
  title={DeepLight: Deep reinforcement learning for signalised traffic control},
  author={Rijken, Tobias},
  year={2015},
  school={Master’s Thesis. University College London}
}

@inproceedings{Wier00,
  title={Multi-agent reinforcement learning for traffic light control},
  author={Wiering, MA},
  booktitle={Machine Learning: Proceedings of the Seventeenth International Conference (ICML'2000)},
  pages={1151--1158},
  year={2000}
}

@incollection{BWKG10,
  title={Traffic light control by multiagent reinforcement learning systems},
  author={Bakker, Bram and Whiteson, Shimon and Kester, Leon and Groen, Frans CA},
  booktitle={Interactive Collaborative Information Systems},
  pages={475--510},
  year={2010},
  publisher={Springer}
}

@article{AbPK03,
  title={Reinforcement learning for true adaptive traffic signal control},
  author={Abdulhai, Baher and Pringle, Rob and Karakoulas, Grigoris J},
  journal={Journal of Transportation Engineering},
  volume={129},
  number={3},
  pages={278--285},
  year={2003},
  publisher={American Society of Civil Engineers}
}

@article{CBKYT11,
  title={Q-learning based traffic optimization in management of signal timing plan},
  author={Chin, Yit Kwong and Bolong, Nurmin and Kiring, Aroland and Yang, Soo Siang and Teo, Kenneth Tze Kin},
  journal={International Journal of Simulation, Systems, Science \& Technology},
  volume={12},
  number={3},
  pages={29--35},
  year={2011}
}

@article{AbMB13,
  title={Holonic multi-agent system for traffic signals control},
  author={Abdoos, Monireh and Mozayani, Nasser and Bazzan, Ana LC},
  journal={Engineering Applications of Artificial Intelligence},
  volume={26},
  number={5},
  pages={1575--1587},
  year={2013},
  publisher={Elsevier}
}

@article{ALUK10,
  title={Reinforcement learning-based multi-agent system for network traffic signal control},
  author={Arel, Itamar and Liu, Cong and Urbanik, T and Kohls, AG},
  journal={IET Intelligent Transport Systems},
  volume={4},
  number={2},
  pages={128--135},
  year={2010},
  publisher={IET}
}

@article{ElAA13,
  title={Multiagent reinforcement learning for integrated network of adaptive traffic signal controllers (MARLIN-ATSC): methodology and large-scale application on downtown Toronto},
  author={El-Tantawy, Samah and Abdulhai, Baher and Abdelgawad, Hossam},
  journal={IEEE Transactions on Intelligent Transportation Systems},
  volume={14},
  number={3},
  pages={1140--1150},
  year={2013},
  publisher={IEEE}
}

@incollection{MaDH16,
  title={An experimental review of reinforcement learning algorithms for adaptive traffic signal control},
  author={Mannion, Patrick and Duggan, Jim and Howley, Enda},
  booktitle={Autonomic Road Transport Support Systems},
  pages={47--66},
  year={2016},
  publisher={Springer}
}

@article{CaWH09,
  title = {Adaptive traffic signal control using approximate dynamic programming},
  volume = {17},
  issn = {0968090X},
  url = {http://linkinghub.elsevier.com/retrieve/pii/S0968090X09000321},
  doi = {10.1016/j.trc.2009.04.005},
  language = {en},
  number = {5},
  urldate = {2018-01-24},
  journal = {Transportation Research Part C: Emerging Technologies},
  author = {Cai, Chen and Wong, Chi Kwong and Heydecker, Benjamin G.},
  month = oct,
  year = {2009},
  pages = {456--474}
}

@article{KWBV08,
  title={Multiagent reinforcement learning for urban traffic control using coordination graphs},
  author={Kuyer, Lior and Whiteson, Shimon and Bakker, Bram and Vlassis, Nikos},
  journal={Machine learning and knowledge discovery in databases},
  pages={656--671},
  year={2008},
  publisher={Springer}
}

@article{liLW16,
  title={Traffic signal timing via deep reinforcement learning},
  author={Li, Li and Lv, Yisheng and Wang, Fei-Yue},
  journal={IEEE/CAA Journal of Automatica Sinica},
  volume={3},
  number={3},
  pages={247--254},
  year={2016},
  publisher={IEEE}
}

@article{GenR16,
  title={Using a deep reinforcement learning agent for traffic signal control},
  author={Genders, Wade and Razavi, Saiedeh},
  journal={arXiv preprint arXiv:1611.01142},
  year={2016}
}

@article{GSLI17,
  title={Adaptive Traffic Signal Control: Deep Reinforcement Learning Algorithm with Experience Replay and Target Network},
  author={Gao, Juntao and Shen, Yulong and Liu, Jia and Ito, Minoru and Shiratori, Norio},
  journal={arXiv preprint arXiv:1705.02755},
  year={2017}
}

@article{LDXZ17,
  title={Cooperative Deep Reinforcement Learning for Tra ic Signal Control},
  author={Liu, Mengqi and Deng, Jiachuan and Xu, Ming and Zhang, Xianbo and Wang, Wei},
  year={2017}
}

@book{RiAn98,
  title={Reinforcement learning: An introduction},
  author={Sutton, Richard S and Barto, Andrew G},
  volume={1},
  number={1},
  year={1998},
  publisher={MIT press Cambridge}
}

@article{IsSt99,
  title={Adaptive look-ahead optimization of traffic signals},
  author={Porche, Isaac and Lafortune, St{\'e}phane},
  journal={Journal of Intelligent Transportation System},
  volume={4},
  number={3-4},
  pages={209--254},
  year={1999},
  publisher={Taylor \& Francis}
}

@misc{Econ14,
  title = {The cost of traffic jams},
  howpublished = {\url{https://www.economist.com/blogs/economist-explains/2014/11/economist-explains-1}},
   author =       "The Economist",
   month =        "November",
   year =         "2014",
}

@article{VMSK18,
archivePrefix = {arXiv},
arxivId = {1804.02477},
author = {Verma, Abhinav and Murali, Vijayaraghavan and Singh, Rishabh and Kohli, Pushmeet and Chaudhuri, Swarat},
eprint = {1804.02477},
title = {{Programmatically Interpretable Reinforcement Learning}},
url = {http://arxiv.org/abs/1804.02477},
year = {2018}
}

@article{HeUR2017,
archivePrefix = {arXiv},
arxivId = {1712.04170},
author = {Hein, Daniel and Udluft, Steffen and Runkler, Thomas A.},
eprint = {1712.04170},
keywords = {genetic programming,industrial,interpretable,model-based,reinforcement learning,symbolic regression},
mendeley-groups = {Reinforcement Learnining},
title = {{Interpretable Policies for Reinforcement Learning by Genetic Programming}},
url = {http://arxiv.org/abs/1712.04170},
year = {2017}
}


@inproceedings{wei2018intellilight,
  title={IntelliLight: A Reinforcement Learning Approach for Intelligent Traffic Light Control},
  author={Wei, Hua and Zheng, Guanjie and Yao, Huaxiu and Li, Zhenhui},
  booktitle={Proceedings of the 24th ACM SIGKDD International Conference on Knowledge Discovery \& Data Mining},
  pages={2496--2505},
  year={2018},
  organization={ACM}
}

@article{liu2017cooperative,
  title={Cooperative Deep Reinforcement Learning for Traffic Signal Control},
  author={Liu, Mengqi and Deng, Jiachuan and Xu, Ming and Zhang, Xianbo and WANG, Wei},
  year={2017}
}



@book{Gart83,
  title={OPAC: A demand-responsive strategy for traffic signal control},
  author={Gartner, Nathan H},
  number={906},
  year={1983}
}

@incollection{Henr84,
  title={The PRODYN real time traffic algorithm},
  author={Henry, Jean-Jacques and Farges, Jean Loup and Tuffal, J},
  booktitle={Control in Transportation Systems},
  pages={305--310},
  year={1984},
  publisher={Elsevier}
}

@article{Boil06,
  title={The real-time urban traffic control system CRONOS: Algorithm and experiments},
  author={Boillot, Florence and Midenet, Sophie and Pierrelee, Jean-Claude},
  journal={Transportation Research Part C: Emerging Technologies},
  volume={14},
  number={1},
  pages={18--38},
  year={2006},
  publisher={Elsevier}
}

@article{SeHe97,
  title={Controlled optimization of phases at an intersection},
  author={Sen, Suvrajeet and Head, K Larry},
  journal={Transportation science},
  volume={31},
  number={1},
  pages={5--17},
  year={1997},
  publisher={INFORMS}
}

@article{MSCH17,
author = {Mousavi, Seyed Sajad and Schukat, Michael and Corcoran, Peter and Howley, Enda},
journal = {arXiv preprint arXiv:1704.08883},
title = {{Traffic Light Control Using Deep Policy-Gradient and Value-Function Based Reinforcement Learning}},
year = {2017}
}

@article{casas_deep_2017,
annote = {Axirv, policy-gradient},
author = {Casas, Noe},
journal = {arXiv preprint arXiv:1703.09035},
title = {{Deep Deterministic Policy Gradient for Urban Traffic Light Control}},
year = {2017}
}

@article{APK03,
  title={Reinforcement learning for true adaptive traffic signal control},
  author={Abdulhai, Baher and Pringle, Rob and Karakoulas, Grigoris J},
  journal={Journal of Transportation Engineering},
  volume={129},
  number={3},
  pages={278--285},
  year={2003},
  publisher={American Society of Civil Engineers}
}

@article{ElAb10,
author = {El-Tantawy, Samah and Abdulhai, Baher},
doi = {10.1109/ITSC.2010.5625066},
isbn = {9781424476572},
issn = {2153-0009},
journal = {IEEE Conference on Intelligent Transportation Systems, Proceedings, ITSC},
mendeley-groups = {paper/traffic},
pages = {665--670},
title = {{An agent-based learning towards decentralized and coordinated traffic signal control}},
year = {2010}
}

@article{girault2016exploratory,
  title={Exploratory analysis of signal coordination impacts on macroscopic fundamental diagram},
  author={Girault, Jan-Torben and Gayah, Vikash V and Guler, Ilgin and Menendez, Monica},
  journal={Transportation Research Record: Journal of the Transportation Research Board},
  number={2560},
  pages={36--46},
  year={2016},
  publisher={Transportation Research Board of the National Academies}
}

@inproceedings{newell1981blocking,
  title={Blocking effects for synchronized signals},
  author={Newell, GF},
  booktitle={Proc., 8th International Symp. on Transportation and Traffic Theory, University of Toronto Press, Toronto, Canada},
  year={1981}
}

@inproceedings{vlassis2004anytime,
  title={Anytime algorithms for multiagent decision making using coordination graphs},
  author={Vlassis, Nikos and Elhorst, Reinoud and Kok, Jelle R},
  booktitle={Proceedings of the International Conference on Systems, Man and Cybernetics},
  pages={953--957},
  year={2004},
  organization={Institute of Electronics Engineers}
}

@article{taylor2009transfer,
  title={Transfer learning for reinforcement learning domains: A survey},
  author={Taylor, Matthew E and Stone, Peter},
  journal={Journal of Machine Learning Research},
  volume={10},
  number={Jul},
  pages={1633--1685},
  year={2009}
}

@inproceedings{oliehoek2013approximate,
  title={Approximate solutions for factored Dec-POMDPs with many agents},
  author={Oliehoek, Frans A and Whiteson, Shimon and Spaan, Matthijs TJ},
  booktitle={Proceedings of the 2013 international conference on Autonomous agents and multi-agent systems},
  pages={563--570},
  year={2013},
  organization={International Foundation for Autonomous Agents and Multiagent Systems}
}


@book{urbanik2015signal,
  title={Signal timing manual},
  author={Urbanik, Thomas and Tanaka, Alison and Lozner, Bailey and Lindstrom, Eric and Lee, Kevin and Quayle, Shaun and Beaird, Scott and Tsoi, Shing and Ryus, Paul and Gettman, Doug and others},
  year={2015},
  publisher={Transportation Research Board}
}

@article{robertson1969transyt,
  title={TRANSYT: a traffic network study tool},
  author={Robertson, Dennis I},
  year={1969}
}

@article{little1981maxband,
  title={MAXBAND: A versatile program for setting signals on arteries and triangular networks},
  author={Little, John DC and Kelson, Mark D and Gartner, Nathan H},
  year={1981},
  publisher={Alfred P. Sloan School of Management, Massachusetts Institute of Technology}
}

@article{kergaye2010comparative,
  title={Comparative evaluation of adaptive traffic control system assessments through field and microsimulation},
  author={Kergaye, Cameron and Stevanovic, Aleksandar and Martin, Peter T},
  journal={Journal of Intelligent Transportation Systems},
  volume={14},
  number={2},
  pages={109--124},
  year={2010},
  publisher={Taylor \& Francis}
}

@inproceedings{yang2005intelligent,
  title={Intelligent cooperation control of urban traffic networks},
  author={Yang, Zhao-sheng and Chen, Xin and Tang, Yang-shan and Sun, Jian-ping},
  booktitle={Machine Learning and Cybernetics, 2005. Proceedings of 2005 International Conference on},
  volume={3},
  pages={1482--1486},
  year={2005},
  organization={IEEE}
}

@inproceedings{france2003multiagent,
  title={A multiagent system for optimizing urban traffic},
  author={France, John and Ghorbani, Ali A},
  booktitle={null},
  pages={411},
  year={2003},
  organization={IEEE}
}

@inproceedings{da2006adaptive,
  title={Adaptive traffic control with reinforcement learning},
  author={da Silva, ALCB Bruno Castro and de Oliveria, Denise and Basso, EW},
  booktitle={Conference on Autonomous Agents and Multiagent Systems (AAMAS)},
  pages={80--86},
  year={2006}
}

@book{poundstone1993prisoner,
  title={Prisoner's Dilemma/John von Neumann, Game Theory and the Puzzle of the Bomb},
  author={Poundstone, William},
  year={1993},
  publisher={Anchor}
}

@article{brockfeld2001optimizing,
  title={Optimizing traffic lights in a cellular automaton model for city traffic},
  author={Brockfeld, Elmar and Barlovic, Robert and Schadschneider, Andreas and Schreckenberg, Michael},
  journal={Physical Review E},
  volume={64},
  number={5},
  pages={056132},
  year={2001},
  publisher={APS}
}

@article{shannon2001mathematical,
  title={A mathematical theory of communication},
  author={Shannon, Claude Elwood},
  journal={ACM SIGMOBILE mobile computing and communications review},
  volume={5},
  number={1},
  pages={3--55},
  year={2001},
  publisher={ACM}
}

@article{chen2017cooperative,
  title={Cooperative traffic control with green wave coordination for multiple intersections based on the internet of vehicles},
  author={Chen, Lien-Wu and Chang, Chia-Chen},
  journal={IEEE Transactions on Systems, Man, and Cybernetics: Systems},
  volume={47},
  number={7},
  pages={1321--1335},
  year={2017},
  publisher={IEEE}
}

@article{bernstein2002complexity,
  title={The complexity of decentralized control of Markov decision processes},
  author={Bernstein, Daniel S and Givan, Robert and Immerman, Neil and Zilberstein, Shlomo},
  journal={Mathematics of operations research},
  volume={27},
  number={4},
  pages={819--840},
  year={2002},
  publisher={INFORMS}
}

@article{varaiya2013max,
  title={Max pressure control of a network of signalized intersections},
  author={Varaiya, Pravin},
  journal={Transportation Research Part C: Emerging Technologies},
  volume={36},
  pages={177--195},
  year={2013},
  publisher={Elsevier}
}

@article{MP13,
  title={Max pressure control of a network of signalized intersections},
  author={Varaiya, Pravin},
  journal={Transportation Research Part C: Emerging Technologies},
  volume={36},
  pages={177--195},
  year={2013},
  publisher={Elsevier}
}

@book{MP13book,
author = {Varaiya, Pravin},
doi = {10.1007/978-1-4614-6243-9},
isbn = {978-1-4614-6242-2},
title = {{The Max-Pressure Controller for Arbitrary Networks of Signalized Intersections}},
volume = {2},
year = {2013}
}

@article{MP13-adaptvie,
  title={Adaptive Max Pressure Control of Network of Signalized Intersections},
  author={Lioris, Jennie and Kurzhanskiy, Alex and Varaiya, Pravin},
  journal={Transportation Research Part C},
  volume={36},
  number={22},
  pages={177-195},
  year={2013},
}

@article{Casa17PG,
annote = {Axirv, policy-gradient},
author = {Casas, Noe},
journal = {arXiv preprint arXiv:1703.09035},
title = {{Deep Deterministic Policy Gradient for Urban Traffic Light Control}},
year = {2017}
}

@article{AsMW17AC,
  title={Adaptive traffic signal control with actor-critic methods in a real-world traffic network with different traffic disruption events},
  author={Aslani, Mohammad and Mesgari, Mohammad Saadi and Wiering, Marco},
  journal={Transportation Research Part C Emerging Technologies},
  volume={85},
  pages={732-752},
  year={2017},
}

@article{BPT14,
  title={Distributed learning and multi-objectivity in traffic light control},
  author={Brys, Tim and Pham, Tong T and Taylor, Matthew E},
  journal={Connection Science},
  volume={26},
  number={1},
  pages={65--83},
  year={2014},
  publisher={Taylor \& Francis}
}

@article{PraB11,
author = {Prashanth, L A and Bhatnagar, Shalabh},
doi = {10.1109/ITSC.2011.6082823},
isbn = {978-1-4577-2197-7},
issn = {2153-0009},
journal = {2011 14th International IEEE Conference on Intelligent Transportation Systems (ITSC)},
pages = {1640--1645},
title = {{Reinforcement learning with average cost for adaptive control of traffic lights at intersections}},
year = {2011}
}

@article{BSSN+05,
  title={Cooperative multi-agent reinforcement learning of traffic lights},
  author={Bakker, Bram and Steingrover, M and Schouten, Roelant and Nijhuis, EHJ and Kester, LJHM and others},
  year={2005}
}


@inproceedings{PBTB+13,
  title={Learning coordinated traffic light control},
  author={Pham, Tong Thanh and Brys, Tim and Taylor, Matthew E and Brys, Tim and Drugan, Madalina M and Bosman, PA and Cock, Martine-De and Lazar, Cosmin and Demarchi, L and Steenhoff, David and others},
  booktitle={Proceedings of the Adaptive and Learning Agents workshop (at AAMAS-13)},
  volume={10},
  pages={1196--1201},
  year={2013},
  organization={IEEE}
}

@article{Liang18,
  title={Deep reinforcement learning for traffic light control in vehicular networks},
  author={Liang, Xiaoyuan and Du, Xunsheng and Wang, Guiling and Han, Zhu},
  journal={arXiv preprint arXiv:1803.11115},
  year={2018}
}

@misc{alibaba,
  title = {Alibaba's 'City Brain' is slashing congestion in its hometown},
  howpublished = {\url{https://edition.cnn.com/2019/01/15/tech/alibaba-city-brain-hangzhou/index.html}},
  author =       "CNN",
    month =        "January",
    year =         "2019",
}

@misc{didi,
  title = {DiDi Introduces Smart Transportation Solution for Traffic Management},
  howpublished = {\url{https://www.businesswire.com/news/home/20180125006404/en/DiDi-Introduces-Smart-Transportation-Solution-Traffic-Management}},
  note = {Accessed: 2019-02-19},
  author =       "Business Wire",
    month =        "January",
    year =         "2018",
}

@article{lowrie1990scats,
  title={SCATS--A Traffic Responsive Method of Controlling Urban Traffic. Roads and Traffic Authority, Sydney},
  author={Lowrie, P},
  journal={New South Wales, Australia},
  year={1990}
}

@inproceedings{wei2018intellilight,
  title={IntelliLight: A Reinforcement Learning Approach for Intelligent Traffic Light Control},
  author={Wei, Hua and Zheng, Guanjie and Yao, Huaxiu and Li, Zhenhui},
  booktitle={ACM SIGKDD International Conference on Knowledge Discovery \& Data Mining (KDD)},
  pages={2496--2505},
  year={2018}
 }
 
 @inproceedings{aslani2018developing,
  title={Developing adaptive traffic signal control by actor--critic and direct exploration methods},
  author={Aslani, Mohammad and Mesgari, Mohammad Saadi and Seipel, Stefan and Wiering, Marco},
  booktitle={Proceedings of the Institution of Civil Engineers-Transport},
  pages={1--10},
  year={2018},
  organization={Thomas Telford Ltd}
}

======================= 2019 =======================
@article{chu2019multi,
  title={Multi-Agent Deep Reinforcement Learning for Large-scale Traffic Signal Control},
  author={Chu, Tianshu and Wang, Jie and Codec{\`a}, Lara and Li, Zhaojian},
  journal={arXiv preprint arXiv:1903.04527},
  year={2019}
}

======================= 2018 =======================
@inproceedings{GCN18,
  title={Traffic Signal Control Based on Reinforcement Learning with Graph Convolutional Neural Nets},
  author={Nishi, Tomoki and Otaki, Keisuke and Hayakawa, Keiichiro and Yoshimura, Takayoshi},
  booktitle={2018 21st International Conference on Intelligent Transportation Systems (ITSC)},
  pages={877--883},
  year={2018},
  organization={IEEE}
}

@article{aslani2018traffic,
  title={Traffic signal optimization through discrete and continuous reinforcement learning with robustness analysis in downtown Tehran},
  author={Aslani, Mohammad and Seipel, Stefan and Mesgari, Mohammad Saadi and Wiering, Marco},
  journal={Advanced Engineering Informatics},
  volume={38},
  pages={639--655},
  year={2018},
  publisher={Elsevier}
}

@inproceedings{SKBV+18,
  title={Modeling relational data with graph convolutional networks},
  author={Schlichtkrull, Michael and Kipf, Thomas N and Bloem, Peter and Van Den Berg, Rianne and Titov, Ivan and Welling, Max},
  booktitle={European Semantic Web Conference},
  pages={593--607},
  year={2018},
  organization={Springer}
}
======================= 2017 =======================

@article{Casa17,
  title={Deep deterministic policy gradient for urban traffic light control},
  author={Casas, Noe},
  journal={arXiv preprint arXiv:1703.09035},
  year={2017}
}


@article{aslani2017adaptive,
  title={Adaptive traffic signal control with actor-critic methods in a real-world traffic network with different traffic disruption events},
  author={Aslani, Mohammad and Mesgari, Mohammad Saadi and Wiering, Marco},
  journal={Transportation Research Part C: Emerging Technologies},
  volume={85},
  pages={732--752},
  year={2017},
  publisher={Elsevier}
}

@article{ADBB17,
  title={A brief survey of deep reinforcement learning},
  author={Arulkumaran, Kai and Deisenroth, Marc Peter and Brundage, Miles and Bharath, Anil Anthony},
  journal={arXiv preprint arXiv:1708.05866},
  year={2017}
}

@article{mousavi2017traffic,
  title={Traffic light control using deep policy-gradient and value-function-based reinforcement learning},
  author={Mousavi, Seyed Sajad and Schukat, Michael and Howley, Enda},
  journal={Intelligent Transport Systems (ITS)},
  volume={11},
  number={7},
  pages={417--423},
  year={2017},
  publisher={IET}
}

@inproceedings{SF16,
  title={Learning multiagent communication with backpropagation},
  author={Sukhbaatar, Sainbayar and Fergus, Rob and others},
  booktitle={Advances in Neural Information Processing Systems},
  pages={2244--2252},
  year={2016}
}

@incollection{MaDH16,
  title={An experimental review of reinforcement learning algorithms for adaptive traffic signal control},
  author={Mannion, Patrick and Duggan, Jim and Howley, Enda},
  booktitle={Autonomic Road Transport Support Systems},
  pages={47--66},
  year={2016},
  publisher={Springer}
}

@inproceedings{VaOl16,
  title={Coordinated Deep Reinforcement Learners for Traffic Light Control},
  author={van der Pol et al.},
  year={2016},
  organization={NIPS}
}


@article{schrank20152015,
title={2015 urban mobility scorecard},
author={Schrank, David and Eisele, Bill and Lomax, Tim and Bak, Jim},   year={2015} 
}

@article{GQFD+15,
  title={Capacity-aware backpressure traffic signal control},
  author={Gregoire, Jean and Qian, Xiangjun and Frazzoli, Emilio and De La Fortelle, Arnaud and Wongpiromsarn, Tichakorn},
  journal={IEEE Transactions on Control of Network Systems},
  volume={2},
  number={2},
  pages={164--173},
  year={2015},
  publisher={IEEE}
}

@article{MKSR+15,
  title={Human-level control through deep reinforcement learning},
  author={Mnih, Volodymyr and Kavukcuoglu, Koray and Silver, David and Rusu, Andrei A and Veness, Joel and Bellemare, Marc G and Graves, Alex and Riedmiller, Martin and Fidjeland, Andreas K and Ostrovski, Georg and others},
  journal={Nature},
  volume={518},
  number={7540},
  pages={529},
  year={2015},
  publisher={Nature Publishing Group}
}

======================= 2014 =======================
@article{BPT14,
  title={Distributed learning and multi-objectivity in traffic light control},
  author={Brys, Tim and Pham, Tong T and Taylor, Matthew E},
  journal={Connection Science},
  volume={26},
  number={1},
  pages={65--83},
  year={2014},
  publisher={Taylor \& Francis}
}

@article{AMB14,
  title={Hierarchical control of traffic signals using Q-learning with tile coding},
  author={Abdoos, Monireh and Mozayani, Nasser and Bazzan, Ana LC},
  journal={Applied intelligence},
  volume={40},
  number={2},
  pages={201--213},
  year={2014},
  publisher={Springer}
}


@article{BaKl14,
  title={A review on agent-based technology for traffic and transportation},
  author={Bazzan, Ana LC and Kl{\"u}gl, Franziska},
  journal={The Knowledge Engineering Review},
  volume={29},
  number={3},
  pages={375--403},
  year={2014},
  publisher={Cambridge University Press}
}

@misc{Econ14,
  title = {The cost of traffic jams},
  howpublished = {\url{https://www.economist.com/blogs/economist-explains/2014/11/economist-explains-1}},
   author =       "The Economist",
   month =        "November",
   year =         "2014",
}

@article{maxpressure14,
author = {Kouvelas, Anastasios and Lioris, Jennie and Fayazi, S. Alireza and Varaiya, Pravin},
doi = {10.3141/2421-15},
issn = {0361-1981},
journal = {Transportation Research Record: Journal of the Transportation Research Board},
mendeley-groups = {Multi-intersection},
number = {1},
pages = {133--141},
title = {{Maximum Pressure Controller for Stabilizing Queues in Signalized Arterial Networks}},
volume = {2421},
year = {2014}
}

@article{LiWY14,
  title={A survey of traffic control with vehicular communications},
  author={Li, Li and Wen, Ding and Yao, Danya},
  journal={IEEE Transactions on Intelligent Transportation Systems},
  volume={15},
  number={1},
  pages={425--432},
  year={2014},
  publisher={IEEE}
}

======================= 2013 =======================

@book{Casc13,
  title={Transportation systems engineering: theory and methods},
  author={Cascetta, Ennio},
  volume={49},
  year={2013},
  publisher={Springer Science \& Business Media}
}

@article{aboudolas2013perimeter,
  title={Perimeter and boundary flow control in multi-reservoir heterogeneous networks},
  author={Aboudolas, Konstantinos and Geroliminis, Nikolas},
  journal={Transportation Research Part B: Methodological},
  volume={55},
  pages={265--281},
  year={2013},
  publisher={Elsevier}
}


@incollection{cools2013self,
  title={Self-organizing traffic lights: A realistic simulation},
  author={Cools, Seung-Bae and Gershenson, Carlos and D’Hooghe, Bart},
  booktitle={Advances in applied self-organizing systems},
  pages={45--55},
  year={2013},
  publisher={Springer}
}

@article{EAA13,
  title={Multiagent reinforcement learning for integrated network of adaptive traffic signal controllers (MARLIN-ATSC): methodology and large-scale application on downtown Toronto},
  author={El-Tantawy, Samah and Abdulhai, Baher and Abdelgawad, Hossam},
  journal={IEEE Transactions on Intelligent Transportation Systems},
  volume={14},
  number={3},
  pages={1140--1150},
  year={2013},
  publisher={IEEE}
}

@incollection{varaiya2013max,
  title={The max-pressure controller for arbitrary networks of signalized intersections},
  author={Varaiya, Pravin},
  booktitle={Advances in Dynamic Network Modeling in Complex Transportation Systems},
  pages={27--66},
  year={2013},
  publisher={Springer}
}

@inproceedings{PBTB+13,
  title={Learning coordinated traffic light control},
  author={Pham, Tong Thanh and Brys, Tim and Taylor, Matthew E and Brys, Tim and Drugan, Madalina M and Bosman, PA and Cock, Martine-De and Lazar, Cosmin and Demarchi, L and Steenhoff, David and others},
  booktitle={Proceedings of the Adaptive and Learning Agents workshop (at AAMAS-13)},
  volume={10},
  pages={1196--1201},
  year={2013},
  organization={IEEE}
}

@article{XXL13,
  title={The study of reinforcement learning for traffic self-adaptive control under multiagent markov game environment},
  author={Xu, Lun-Hui and Xia, Xin-Hai and Luo, Qiang},
  journal={Mathematical Problems in Engineering},
  volume={2013},
  year={2013},
  publisher={Hindawi}
}
@article{geroliminis2013optimal,
  title={Optimal perimeter control for two urban regions with macroscopic fundamental diagrams: A model predictive approach},
  author={Geroliminis, Nikolas and Haddad, Jack and Ramezani, Mohsen},
  journal={IEEE Transactions on Intelligent Transportation Systems},
  volume={14},
  number={1},
  pages={348--359},
  year={2013},
  publisher={IEEE}
}
======================= 2012 =======================

@article{schrank2012tti,
  title={TTI’s 2012 urban mobility report},
  author={Schrank, David and Eisele, Bill and Lomax, Tim},
  journal={Texas A\&M Transportation Institute. The Texas A\&M University System},
  volume={4},
  year={2012}
}

@inproceedings{ElAb12,
  title={Multi-agent reinforcement learning for integrated network of adaptive traffic signal controllers (MARLIN-ATSC)},
  author={El-Tantawy, Samah and Abdulhai, Baher},
  booktitle={Intelligent Transportation Systems (ITSC), 2012 15th International IEEE Conference on},
  pages={319--326},
  year={2012},
  organization={IEEE}
}

@inproceedings{KhGo12,
  title={Enhanced multiagent multi-objective reinforcement learning for urban traffic light control},
  author={Khamis, Mohamed Abdelaziz and Gomaa, Walid},
  booktitle={Machine Learning and Applications (ICMLA), 2012 11th International Conference on},
  volume={1},
  pages={586--591},
  year={2012},
  organization={IEEE}
}

@inproceedings{KhGE12,
  title={Multi-objective traffic light control system based on Bayesian probability interpretation},
  author={Khamis, Mohamed A and Gomaa, Walid and El-Shishiny, Hisham},
  booktitle={Intelligent Transportation Systems (ITSC), 2012 15th International IEEE Conference on},
  pages={995--1000},
  year={2012},
  organization={IEEE}
}

@article{keyvan2012exploiting,
  title={Exploiting the fundamental diagram of urban networks for feedback-based gating},
  author={Keyvan-Ekbatani, Mehdi and Kouvelas, Anastasios and Papamichail, Ioannis and Papageorgiou, Markos},
  journal={Transportation Research Part B: Methodological},
  volume={46},
  number={10},
  pages={1393--1403},
  year={2012},
  publisher={Elsevier}
}

@book{NoVr12,
  title={Game Theory and Multi-agent Reinforcement Learning},
  author={Nowe, Ann and Vrancx, Peter and Hauwere, Yann Michaël De},
  year={2012},
}

======================= 2011 =======================

@inproceedings{AMB11,
  title={Traffic light control in non-stationary environments based on multi agent Q-learning},
  author={Abdoos, Monireh and Mozayani, Nasser and Bazzan, Ana LC},
  booktitle={Intelligent Transportation Systems (ITSC), 2011 14th International IEEE Conference on},
  pages={1580--1585},
  year={2011},
  organization={IEEE}
}


@inproceedings{CBYT11,
  title={Exploring Q-learning optimization in traffic signal timing plan management},
  author={Chin, Yit Kwong and Bolong, N and Yang, Soo Siang and Teo, KTK},
  booktitle={Computational Intelligence, Communication Systems and Networks (CICSyN), 2011 Third International Conference on},
  pages={269--274},
  year={2011},
  organization={IEEE}
}

@article{PraB11,
author = {Prashanth, L A and Bhatnagar, Shalabh},
doi = {10.1109/ITSC.2011.6082823},
isbn = {978-1-4577-2197-7},
issn = {2153-0009},
journal = {2011 14th International IEEE Conference on Intelligent Transportation Systems (ITSC)},
pages = {1640--1645},
title = {{Reinforcement learning with average cost for adaptive control of traffic lights at intersections}},
year = {2011}
}

@article{geroliminis2011properties,
  title={Properties of a well-defined macroscopic fundamental diagram for urban traffic},
  author={Geroliminis, Nikolas and Sun, Jie},
  journal={Transportation Research Part B: Methodological},
  volume={45},
  number={3},
  pages={605--617},
  year={2011},
  publisher={Elsevier}
}

@article{simulator11,
  title={A survey and comparative study of simulators for vehicular ad hoc networks (VANETs)},
  author={Martinez, Francisco J and Toh, Chai Keong and Cano, Juan-Carlos and Calafate, Carlos T and Manzoni, Pietro},
  journal={Wireless Communications and Mobile Computing},
  volume={11},
  number={7},
  pages={813--828},
  year={2011},
  publisher={Wiley Online Library}
}

@inproceedings{abdoos2011traffic,
  title={Traffic light control in non-stationary environments based on multi agent Q-learning},
  author={Abdoos, Monireh and Mozayani, Nasser and Bazzan, Ana LC},
  booktitle={2011 14th International IEEE conference on intelligent transportation systems (ITSC)},
  pages={1580--1585},
  year={2011},
  organization={IEEE}
}

======================= 2010 =======================
@article{BGS10,
  title={Urban traffic signal control using reinforcement learning agents},
  author={Balaji, PG and German, X and Srinivasan, Dipti},
  journal={IET Intelligent Transport Systems},
  volume={4},
  number={3},
  pages={177--188},
  year={2010},
  publisher={IET}
}

@inproceedings{ElAb10,
  title={An agent-based learning towards decentralized and coordinated traffic signal control},
  author={El-Tantawy, Samah and Abdulhai, Baher},
  booktitle={Intelligent Transportation Systems (ITSC), 2010 13th International IEEE Conference on},
  pages={665--670},
  year={2010},
  organization={IEEE}
}

@article{ALUK10,
  title={Reinforcement learning-based multi-agent system for network traffic signal control},
  author={Arel, Itamar and Liu, Cong and Urbanik, T and Kohls, AG},
  journal={IET Intelligent Transport Systems},
  volume={4},
  number={2},
  pages={128--135},
  year={2010},
  publisher={IET}
}

@incollection{BWKG10,
  title={Traffic light control by multiagent reinforcement learning systems},
  author={Bakker, Bram and Whiteson, Shimon and Kester, Leon and Groen, Frans CA},
  booktitle={Interactive Collaborative Information Systems},
  pages={475--510},
  year={2010},
  publisher={Springer}
}
@article{GoSr10,
  title={Distributed geometric fuzzy multiagent urban traffic signal control},
  author={Gokulan, Balaji Parasumanna and Srinivasan, Dipti},
  journal={IEEE Transactions on Intelligent Transportation Systems},
  volume={11},
  number={3},
  pages={714--727},
  year={2010},
  publisher={IEEE}
}

@inproceedings{SaCa10,
  title={Soilse: A decentralized approach to optimization of fluctuating urban traffic using reinforcement learning},
  author={Cahill, Vinny and others},
  booktitle={Intelligent Transportation Systems (ITSC), 2010 13th International IEEE Conference on},
  pages={531--538},
  year={2010},
  organization={IEEE}
}

@phdthesis{strating2010coordinated,
  title={Coordinated signal control for urban networks by using MFD},
  author={Strating, Maarten},
  year={2010},
  school={M. Sc. Thesis)(Delft University of Technology, Delft, The Netherlands, 2010) Google Scholar}
}

@book{stevanovic2010adaptive,
  title={Adaptive traffic control systems: domestic and foreign state of practice},
  author={Stevanovic, Aleksandar},
  number={Project 20-5 (Topic 40-03)},
  year={2010}
}

======================= 2009 =======================
@techreport{denney2009improving,
  title={Improving Traffic Signal Management and Operations: A Basic Service Model},
  author={Denney Jr, Richard W},
  year={2009}
}
@article{Bazz09,
author = {Bazzan, Ana L.C.},
doi = {10.1007/s10458-008-9062-9},
file = {:home/gjz5038/Dropbox/paper/topics/Traffic{\_}signal/Bazz09MultiAgentSystem.pdf:pdf},
issn = {13872532},
journal = {Autonomous Agents and Multi-Agent Systems},
keywords = {Coordination of agents,Game-theory,Multiagent learning,Multiagent systems,Reinforcement learning,Traffic signal control},
mendeley-groups = {traffic},
number = {3},
pages = {342--375},
title = {{Opportunities for multiagent systems and multiagent reinforcement learning in traffic control}},
volume = {18},
year = {2009}
}


======================= 2008 =======================
@techreport{koonce2008traffic,
  title={Traffic signal timing manual},
  author={Koonce, Peter and others},
  year={2008},
  institution={United States. Federal Highway Administration}
}


@inproceedings{KWBV08,
  title={Multiagent reinforcement learning for urban traffic control using coordination graphs},
  author={Kuyer, Lior and Whiteson, Shimon and Bakker, Bram and Vlassis, Nikos},
  booktitle={Joint European Conference on Machine Learning and Knowledge Discovery in Databases},
  pages={656--671},
  year={2008},
  organization={Springer}
}

@inproceedings{WQZ07,
  title={A stochastic adaptive control model for isolated intersections},
  author={Wen, Kaige and Qu, Shiru and Zhang, Yumei},
  booktitle={Robotics and Biomimetics, 2007. ROBIO 2007. IEEE International Conference on},
  pages={2256--2260},
  year={2007},
  organization={IEEE}
}


@inproceedings{LLD08,
  title={Incremental multistep Q-learning for adaptive traffic signal control based on delay minimization strategy},
  author={Lu, Shoufeng and Liu, Ximin and Dai, Shiqiang},
  booktitle={Intelligent Control and Automation, 2008. WCICA 2008. 7th World Congress on},
  pages={2854--2858},
  year={2008},
  organization={IEEE}
}

@article{Teod08,
  title={Swarm intelligence systems for transportation engineering: Principles and applications},
  author={Teodorovi{\'c}, Du{\v{s}}an},
  journal={Transportation Research Part C: Emerging Technologies},
  volume={16},
  number={6},
  pages={651--667},
  year={2008},
  publisher={Elsevier}
}

@inproceedings{SCGC08,
  title={A collaborative reinforcement learning approach to urban traffic control optimization},
  author={Salkham, As' ad and Cunningham, Raymond and Garg, Anurag and Cahill, Vinny},
  booktitle={Proceedings of the 2008 IEEE/WIC/ACM International Conference on Web Intelligence and Intelligent Agent Technology-Volume 02},
  pages={560--566},
  year={2008},
  organization={IEEE Computer Society}
}
======================= 2007 =======================

@article{daganzo2007urban,
  title={Urban gridlock: Macroscopic modeling and mitigation approaches},
  author={Daganzo, Carlos F},
  journal={Transportation Research Part B: Methodological},
  volume={41},
  number={1},
  pages={49--62},
  year={2007},
  publisher={Elsevier}
}
======================= 2006 =======================

@article{IKKK06,
  title={Reinforcement learning of traffic light controllers adapting to accidents},
  author={I{\v{s}}a, Jir{\i} and Kooij, Julian and Koppejan, Rogier and Kuijer, Lior},
  journal={Design and Organisation of Autonomous Systems},
  pages={1--14},
  year={2006}
}


@incollection{DrSt06,
  title={Multiagent traffic management: Opportunities for multiagent learning},
  author={Dresner, Kurt and Stone, Peter},
  booktitle={Learning and Adaption in Multi-Agent Systems},
  pages={129--138},
  year={2006},
  publisher={Springer}
}

@inproceedings{SBPB+06,
  title={Improving reinforcement learning with context detection},
  author={Silva, Bruno Castro Da and Basso, Eduardo W. and Perotto, Filipo Studzinski and Bazzan, Ana L. C. and Engel, Paulo Martins},
  booktitle={International Joint Conference on Autonomous Agents & Multiagent Systems},
  year={2006},
}

@article{Bish06,
  title={Pattern recognition and machine learning (information science and statistics)},
  author={Bishop, Christopher M and others},
  year={2006},
  publisher={Springer-Verlag New York, Inc., Secaucus, NJ}
}
======================= 2005 =======================
@article{BSSN+05,
  title={Cooperative multi-agent reinforcement learning of traffic lights},
  author={Bakker, Bram and Steingrover, M and Schouten, Roelant and Nijhuis, EHJ and Kester, LJHM and others},
  year={2005}
}

@inproceedings{SSPN+05,
  title={Reinforcement Learning of Traffic Light Controllers Adapting to Traffic Congestion.},
  author={Steingrover, Merlijn and Schouten, Roelant and Peelen, Stefan and Nijhuis, Emil and Bakker, Bram and others},
  booktitle={BNAIC},
  pages={216--223},
  year={2005},
  organization={Citeseer}
}
@inproceedings{YCTS05,
  title={Intelligent cooperation control of urban traffic networks},
  author={Yang, Zhao-sheng and Chen, Xin and Tang, Yang-shan and Sun, Jian-ping},
  booktitle={Machine Learning and Cybernetics, 2005. Proceedings of 2005 International Conference on},
  volume={3},
  pages={1482--1486},
  year={2005},
  organization={IEEE}
}

======================= 2004 =======================
@article{Carl04,
  title={Self-organizing traffic lights},
  author={Gershenson, Carlos},
  journal={arXiv preprint nlin/0411066},
  year={2004}
}

@techreport{alexiadis2004traffic,
  title={Traffic analysis toolbox volume i: Traffic analysis tools primer},
  author={Alexiadis, Vassili and Jeannotte, Krista and Chandra, Andre},
  year={2004}
}

@article{husch2004trafficware,
  title={Trafficware SYNCHRO 6 user guide},
  author={Husch, David and Albeck, John},
  journal={TrafficWare, Albany, California},
  volume={11},
  year={2004}
}

@inproceedings{WVVK04,
  title={Simulation and optimization of traffic in a city},
  author={Wiering, Marco and Vreeken, Jilles and Van Veenen, Jelle and Koopman, Arne},
  booktitle={Intelligent Vehicles Symposium, 2004 IEEE},
  pages={453--458},
  year={2004},
  organization={IEEE}
}

@book{RPM04,
	title={Traffic engineering},
	author={Roess, Roger P and Prassas, Elena S and McShane, William R},
	year={2004},
	publisher={Pearson/Prentice Hall}
}


@misc{WVVK04-2,
  title={Intelligent traffic light control},
  author={Wiering, MA and Veenen, J van and Vreeken, Jilles and Koopman, Arne},
  year={2004},
  publisher={Utrecht University: Information and Computing Sciences}
}
======================= 2003 =======================

@article{APG03,
  title={Reinforcement learning for true adaptive traffic signal control},
  author={Abdulhai, Baher and Pringle, Rob and Karakoulas, Grigoris J},
  journal={Journal of Transportation Engineering},
  volume={129},
  number={3},
  pages={278--285},
  year={2003},
  publisher={American Society of Civil Engineers}
}

@inproceedings{FrGh03,
  title={A multiagent system for optimizing urban traffic},
  author={France, John and Ghorbani, Ali A},
  booktitle={null},
  pages={411},
  year={2003},
  organization={IEEE}
}

@article{PDDK+03,
  title={Review of road traffic control strategies},
  author={Papageorgiou, Markos and Diakaki, Christina and Dinopoulou, Vaya and Kotsialos, Apostolos and Wang, Yibing},
  journal={Proceedings of the IEEE},
  volume={91},
  number={12},
  pages={2043--2067},
  year={2003},
  publisher={IEEE}
}
======================= 2002 =======================
@article{DPA02,
  title={A multivariable regulator approach to traffic-responsive network-wide signal control},
  author={Diakaki, Christina and Papageorgiou, Markos and Aboudolas, Kostas},
  journal={Control Engineering Practice},
  volume={10},
  number={2},
  pages={183--195},
  year={2002},
  publisher={Elsevier}
}

@inproceedings{GLP02,
  title={Coordinated reinforcement learning},
  author={Guestrin, Carlos and Lagoudakis, Michail and Parr, Ronald},
  booktitle={ICML},
  volume={2},
  pages={227--234},
  year={2002},
  organization={Citeseer}
}
======================= 2000 =======================

@inproceedings{Wier00,
  title={Multi-agent reinforcement learning for traffic light control},
  author={Wiering, MA},
  booktitle={Machine Learning: Proceedings of the Seventeenth International Conference (ICML'2000)},
  pages={1151--1158},
  year={2000}
}

@inproceedings{SMSM00,
  title={Policy gradient methods for reinforcement learning with function approximation},
  author={Sutton, Richard S and McAllester, David A and Singh, Satinder P and Mansour, Yishay},
  booktitle={Advances in neural information processing systems},
  pages={1057--1063},
  year={2000}
}


======================= 1998 =======================

@book{SuBa98,
  title={Reinforcement learning: An introduction},
  author={Sutton, Richard S and Barto, Andrew G},
  volume={1},
  number={1},
  year={1998},
  publisher={MIT press Cambridge}
}
@article{ClBo98,
  title={The dynamics of reinforcement learning in cooperative multiagent systems},
  author={Claus, Caroline and Boutilier, Craig},
  journal={AAAI/IAAI},
  volume={1998},
  pages={746--752},
  year={1998}
}

======================= 1996 =======================

@article{KLM96,
  title={Reinforcement learning: A survey},
  author={Kaelbling, Leslie Pack and Littman, Michael L and Moore, Andrew W},
  journal={Journal of artificial intelligence research},
  volume={4},
  pages={237--285},
  year={1996}
}

@article{stamatiadis1996multiband,
  title={MULTIBAND-96: a program for variable-bandwidth progression optimization of multiarterial traffic networks},
  author={Stamatiadis, Chronis and Gartner, Nathan},
  journal={Transportation Research Record: Journal of the Transportation Research Board},
  number={1554},
  pages={9--17},
  year={1996},
  publisher={Transportation Research Board of the National Academies}
}

======================= 1995 =======================
@article{dell1995realband,
  title={REALBAND: An approach for real-time coordination of traffic flows on networks},
  author={Dell, Paolo and Mirchandani B. Pitu},
  year={1995}
}

======================= 1993 =======================
@article{fambro1993implementation,
  title={Implementation guidelines for retiming arterial networks},
  author={Fambro, Daniel B and Sunkari, Srinivasa R and Sangineni, Srinivas M},
  year={1993}
}
@article{SCATS,
title={SCATS--a traffic responsive method of controlling urban traffic. Roads and traffic authority},
author={Lowrie, PR},
journal={NSW, Australia},
year={1992}
}

@book{head1992hierarchical,
  title={Hierarchical framework for real-time traffic control},
  author={Head, K Larry and Mirchandani, Pitu B and Sheppard, Dennis},
  number={1360},
  year={1992}
}

======================= 1991 =======================
@article{gartner1991multi,
  title={A multi-band approach to arterial traffic signal optimization},
  author={Gartner, Nathan H and Assman, Susan F and Lasaga, Fernando and Hou, Dennis L},
  journal={Transportation Research Part B: Methodological},
  volume={25},
  number={1},
  pages={55--74},
  year={1991},
  publisher={Elsevier}
}

======================= 1984 =======================
@article{improta1984control,
  title={Control system design for an individual signalized junction},
  author={Improta, G and Cantarella, GE},
  journal={Transportation Research Part B: Methodological},
  volume={18},
  number={2},
  pages={147--167},
  year={1984},
  publisher={Elsevier}
}

@article{Sutt84,
  title={Temporal credit assignment in reinforcement learning},
  author={Sutton, Richard Stuart},
  year={1984}
}

@article{luk1984two,
  title={Two traffic-responsive area traffic control methods: SCAT and SCOOT},
  author={Luk, JYK},
  journal={Traffic engineering \& control},
  volume={25},
  number={1},
  year={1984}
}

@techreport{hunt1981scoot,
	title={SCOOT-a traffic responsive method of coordinating signals},
	author={Hunt, PB and Robertson, DI and Bretherton, RD and Winton, RI},
	year={1981}
}

@article{hunt1982scoot,
	title={The SCOOT on-line traffic signal optimisation technique},
	author={Hunt, PB and Robertson, DI and Bretherton, RD and Royle, M Cr},
	journal={Traffic Engineering \& Control},
	volume={23},
	number={4},
	year={1982}
}


======================= 1981 =======================
@article{little1981maxband,
  title={MAXBAND: A versatile program for setting signals on arteries and triangular networks},
  author={Little, John DC and Kelson, Mark D and Gartner, Nathan H},
  year={1981},
  publisher={Alfred P. Sloan School of Management, Massachusetts Institute of Technology}
}


@article{albus1971theory,
  title={A theory of cerebellar function},
  author={Albus, James S},
  journal={Mathematical Biosciences},
  volume={10},
  number={1-2},
  pages={25--61},
  year={1971},
  publisher={Elsevier}
}

======================= 1969 =======================
@article{robertson1969tansyt,
  title={'TANSYT'METHOD FOR AREA TRAFFIC CONTROL},
  author={Robertson, Dennis I},
  journal={Traffic Engineering \& Control},
  volume={8},
  number={8},
  year={1969}
}

@article{wagner1969improved,
  title={Improved Criteria for Traffic Signal Systems on Urban Arterials},
  author={Wagner, Frederick A and Gerlough, Daniel L and Barnes, FC},
  journal={NCHRP Report},
  number={73},
  year={1969}
}


@article{hua19survey,
  author    = {Wei, Hua and
               Zheng, Guanjie and
               Gayah, Vikash and
               Li, Zhenhui},
  title     = {A Survey on Traffic Signal Control Methods},
  journal   = {CoRR},
  volume    = {abs/1904.08117},
  year      = {2019},
  archivePrefix = {arXiv},
  eprint    = {1904.08117}
}

@inproceedings{SQAS15,
  title={Multi-agent reinforcement learning for traffic light control},
  author={Schaul, Tom and Quan, John and Antonoglou, Ioannis and Silver, David},
  booktitle={4th International Conference on Learning Representations (ICLR 2016)},
  year={2016}
}

@article{MKSR+15,
  title={Human-level control through deep reinforcement learning},
  author={Mnih, Volodymyr and Kavukcuoglu, Koray and Silver, David and Rusu, Andrei A and Veness, Joel and Bellemare, Marc G and Graves, Alex and Riedmiller, Martin and Fidjeland, Andreas K and Ostrovski, Georg and others},
  journal={Nature},
  volume={518},
  number={7540},
  pages={529},
  year={2015},
  publisher={Nature Publishing Group}
}

@article{Guer14,
  title={Traffic Congestion Costs Americans \$124 Billion A Year, Report Says},
  author={Guerrini, Federico},
  journal={Forbes, October},
  year={2014}
}


@book{Roess2011t,
  title={Traffic Engineering},
  author={Roess, Roger P and Prassas, Elena S and Mcshane, William R},
  publisher={Pearson/Prentice Hall},
  year={2011},
}


@inproceedings{SQAS15,
  title={Multi-agent reinforcement learning for traffic light control},
  author={Schaul, Tom and Quan, John and Antonoglou, Ioannis and Silver, David},
  booktitle={4th International Conference on Learning Representations (ICLR 2016)},
  year={2016}
}

@article{Guer14,
  title={Traffic Congestion Costs Americans \$124 Billion A Year, Report Says},
  author={Guerrini, Federico},
  journal={Forbes, October},
  year={2014}
}

@article{LMNC12,
  title={Building a memory palace in minutes: Equivalent memory performance using virtual versus conventional environments with the Method of Loci},
  author={Legge, Eric LG and Madan, Christopher R and Ng, Enoch T and Caplan, Jeremy B},
  journal={Acta psychologica},
  volume={141},
  number={3},
  pages={380--390},
  year={2012},
  publisher={Elsevier}
}

@article{Godw10,
  title={Emerging technologies},
  author={Godwin-Jones, Robert},
  year={2010},
  publisher={University of Hawaii National Foreign Language Resource Center}
}

@inproceedings{VaOl16,
  title={Coordinated deep reinforcement learners for traffic light control},
  author={Van der Pol, Elise and Oliehoek, Frans A},
  journal={Proceedings of Learning, Inference and Control of Multi-Agent Systems (at NIPS 2016)},
  year={2016}
}

@incollection{CoGD13,
  title={Self-organizing traffic lights: A realistic simulation},
  author={Cools, Seung-Bae and Gershenson, Carlos and D’Hooghe, Bart},
  booktitle={Advances in applied self-organizing systems},
  pages={45--55},
  year={2013},
  publisher={Springer}
}
@article{Mill63,
  title={Settings for fixed-cycle traffic signals},
  author={Miller, Alan J},
  journal={Journal of the Operational Research Society},
  volume={14},
  number={4},
  pages={373--386},
  year={1963},
  publisher={Springer}
}
@article{Webst58,
  title={Traffic signal settings},
  author={Webster, F. V},
  journal={Road Research Technical Paper},
  volume={39},
  year={1958},
}
@article{DiRK04,
  title={Comparison of delay estimates at under-saturated and over-saturated pre-timed signalized intersections},
  author={Dion, Francois and Rakha, Hesham and Kang, Youn-Soo},
  journal={Transportation Research Part B: Methodological},
  volume={38},
  number={2},
  pages={99--122},
  year={2004},
  publisher={Elsevier}
}

@phdthesis{Rijk15,
  title={DeepLight: Deep reinforcement learning for signalised traffic control},
  author={Rijken, Tobias},
  year={2015},
  school={Master’s Thesis. University College London}
}

@inproceedings{Wier00,
  title={Multi-agent reinforcement learning for traffic light control},
  author={Wiering, MA},
  booktitle={Machine Learning: Proceedings of the Seventeenth International Conference (ICML'2000)},
  pages={1151--1158},
  year={2000}
}

@incollection{BWKG10,
  title={Traffic light control by multiagent reinforcement learning systems},
  author={Bakker, Bram and Whiteson, Shimon and Kester, Leon and Groen, Frans CA},
  booktitle={Interactive Collaborative Information Systems},
  pages={475--510},
  year={2010},
  publisher={Springer}
}

@article{AbPK03,
  title={Reinforcement learning for true adaptive traffic signal control},
  author={Abdulhai, Baher and Pringle, Rob and Karakoulas, Grigoris J},
  journal={Journal of Transportation Engineering},
  volume={129},
  number={3},
  pages={278--285},
  year={2003},
  publisher={American Society of Civil Engineers}
}

@article{CBKYT11,
  title={Q-learning based traffic optimization in management of signal timing plan},
  author={Chin, Yit Kwong and Bolong, Nurmin and Kiring, Aroland and Yang, Soo Siang and Teo, Kenneth Tze Kin},
  journal={International Journal of Simulation, Systems, Science \& Technology},
  volume={12},
  number={3},
  pages={29--35},
  year={2011}
}

@article{AbMB13,
  title={Holonic multi-agent system for traffic signals control},
  author={Abdoos, Monireh and Mozayani, Nasser and Bazzan, Ana LC},
  journal={Engineering Applications of Artificial Intelligence},
  volume={26},
  number={5},
  pages={1575--1587},
  year={2013},
  publisher={Elsevier}
}

@article{ALUK10,
  title={Reinforcement learning-based multi-agent system for network traffic signal control},
  author={Arel, Itamar and Liu, Cong and Urbanik, T and Kohls, AG},
  journal={IET Intelligent Transport Systems},
  volume={4},
  number={2},
  pages={128--135},
  year={2010},
  publisher={IET}
}

@article{ElAA13,
  title={Multiagent reinforcement learning for integrated network of adaptive traffic signal controllers (MARLIN-ATSC): methodology and large-scale application on downtown Toronto},
  author={El-Tantawy, Samah and Abdulhai, Baher and Abdelgawad, Hossam},
  journal={IEEE Transactions on Intelligent Transportation Systems},
  volume={14},
  number={3},
  pages={1140--1150},
  year={2013},
  publisher={IEEE}
}

@incollection{MaDH16,
  title={An experimental review of reinforcement learning algorithms for adaptive traffic signal control},
  author={Mannion, Patrick and Duggan, Jim and Howley, Enda},
  booktitle={Autonomic Road Transport Support Systems},
  pages={47--66},
  year={2016},
  publisher={Springer}
}

@article{CaWH09,
	title = {Adaptive traffic signal control using approximate dynamic programming},
	volume = {17},
	issn = {0968090X},
	url = {http://linkinghub.elsevier.com/retrieve/pii/S0968090X09000321},
	doi = {10.1016/j.trc.2009.04.005},
	language = {en},
	number = {5},
	urldate = {2018-01-24},
	journal = {Transportation Research Part C: Emerging Technologies},
	author = {Cai, Chen and Wong, Chi Kwong and Heydecker, Benjamin G.},
	month = oct,
	year = {2009},
	pages = {456--474}
}

@article{KWBV08,
  title={Multiagent reinforcement learning for urban traffic control using coordination graphs},
  author={Kuyer, Lior and Whiteson, Shimon and Bakker, Bram and Vlassis, Nikos},
  journal={Machine learning and knowledge discovery in databases},
  pages={656--671},
  year={2008},
  publisher={Springer}
}

@article{liLW16,
  title={Traffic signal timing via deep reinforcement learning},
  author={Li, Li and Lv, Yisheng and Wang, Fei-Yue},
  journal={IEEE/CAA Journal of Automatica Sinica},
  volume={3},
  number={3},
  pages={247--254},
  year={2016},
  publisher={IEEE}
}

@article{GenR16,
  title={Using a deep reinforcement learning agent for traffic signal control},
  author={Genders, Wade and Razavi, Saiedeh},
  journal={arXiv preprint arXiv:1611.01142},
  year={2016}
}

@article{GSLI17,
  title={Adaptive Traffic Signal Control: Deep Reinforcement Learning Algorithm with Experience Replay and Target Network},
  author={Gao, Juntao and Shen, Yulong and Liu, Jia and Ito, Minoru and Shiratori, Norio},
  journal={arXiv preprint arXiv:1705.02755},
  year={2017}
}

@article{LDXZ17,
  title={Cooperative Deep Reinforcement Learning for Tra ic Signal Control},
  author={Liu, Mengqi and Deng, Jiachuan and Xu, Ming and Zhang, Xianbo and Wang, Wei},
  year={2017}
}

@book{RiAn98,
  title={Reinforcement learning: An introduction},
  author={Sutton, Richard S and Barto, Andrew G},
  volume={1},
  number={1},
  year={1998},
  publisher={MIT press Cambridge}
}

@article{IsSt99,
  title={Adaptive look-ahead optimization of traffic signals},
  author={Porche, Isaac and Lafortune, St{\'e}phane},
  journal={Journal of Intelligent Transportation System},
  volume={4},
  number={3-4},
  pages={209--254},
  year={1999},
  publisher={Taylor \& Francis}
}

@misc{Econ14,
  title = {The cost of traffic jams},
  howpublished = {\url{https://www.economist.com/blogs/economist-explains/2014/11/economist-explains-1}},
   author =       "The Economist",
   month =        "November",
   year =         "2014",
}

@article{VMSK18,
archivePrefix = {arXiv},
arxivId = {1804.02477},
author = {Verma, Abhinav and Murali, Vijayaraghavan and Singh, Rishabh and Kohli, Pushmeet and Chaudhuri, Swarat},
eprint = {1804.02477},
title = {{Programmatically Interpretable Reinforcement Learning}},
url = {http://arxiv.org/abs/1804.02477},
year = {2018}
}

@article{HeUR2017,
archivePrefix = {arXiv},
arxivId = {1712.04170},
author = {Hein, Daniel and Udluft, Steffen and Runkler, Thomas A.},
eprint = {1712.04170},
keywords = {genetic programming,industrial,interpretable,model-based,reinforcement learning,symbolic regression},
mendeley-groups = {Reinforcement Learnining},
title = {{Interpretable Policies for Reinforcement Learning by Genetic Programming}},
url = {http://arxiv.org/abs/1712.04170},
year = {2017}
}


@inproceedings{wei2018intellilight,
  title={IntelliLight: A Reinforcement Learning Approach for Intelligent Traffic Light Control},
  author={Wei, Hua and Zheng, Guanjie and Yao, Huaxiu and Li, Zhenhui},
  booktitle={Proceedings of the 24th ACM SIGKDD International Conference on Knowledge Discovery \& Data Mining},
  pages={2496--2505},
  year={2018},
  organization={ACM}
}

@article{liu2017cooperative,
  title={Cooperative Deep Reinforcement Learning for Traffic Signal Control},
  author={Liu, Mengqi and Deng, Jiachuan and Xu, Ming and Zhang, Xianbo and WANG, Wei},
  year={2017}
}



@book{Gart83,
  title={OPAC: A demand-responsive strategy for traffic signal control},
  author={Gartner, Nathan H},
  number={906},
  year={1983}
}

@incollection{Henr84,
  title={The PRODYN real time traffic algorithm},
  author={Henry, Jean-Jacques and Farges, Jean Loup and Tuffal, J},
  booktitle={Control in Transportation Systems},
  pages={305--310},
  year={1984},
  publisher={Elsevier}
}

@article{Boil06,
  title={The real-time urban traffic control system CRONOS: Algorithm and experiments},
  author={Boillot, Florence and Midenet, Sophie and Pierrelee, Jean-Claude},
  journal={Transportation Research Part C: Emerging Technologies},
  volume={14},
  number={1},
  pages={18--38},
  year={2006},
  publisher={Elsevier}
}

@article{SeHe97,
  title={Controlled optimization of phases at an intersection},
  author={Sen, Suvrajeet and Head, K Larry},
  journal={Transportation science},
  volume={31},
  number={1},
  pages={5--17},
  year={1997},
  publisher={INFORMS}
}

@article{MSCH17,
author = {Mousavi, Seyed Sajad and Schukat, Michael and Corcoran, Peter and Howley, Enda},
journal = {arXiv preprint arXiv:1704.08883},
title = {{Traffic Light Control Using Deep Policy-Gradient and Value-Function Based Reinforcement Learning}},
year = {2017}
}

@article{casas_deep_2017,
annote = {Axirv, policy-gradient},
author = {Casas, Noe},
journal = {arXiv preprint arXiv:1703.09035},
title = {{Deep Deterministic Policy Gradient for Urban Traffic Light Control}},
year = {2017}
}

@article{APK03,
  title={Reinforcement learning for true adaptive traffic signal control},
  author={Abdulhai, Baher and Pringle, Rob and Karakoulas, Grigoris J},
  journal={Journal of Transportation Engineering},
  volume={129},
  number={3},
  pages={278--285},
  year={2003},
  publisher={American Society of Civil Engineers}
}

@article{ElAb10,
author = {El-Tantawy, Samah and Abdulhai, Baher},
doi = {10.1109/ITSC.2010.5625066},
isbn = {9781424476572},
issn = {2153-0009},
journal = {IEEE Conference on Intelligent Transportation Systems, Proceedings, ITSC},
mendeley-groups = {paper/traffic},
pages = {665--670},
title = {{An agent-based learning towards decentralized and coordinated traffic signal control}},
year = {2010}
}

@article{girault2016exploratory,
  title={Exploratory analysis of signal coordination impacts on macroscopic fundamental diagram},
  author={Girault, Jan-Torben and Gayah, Vikash V and Guler, Ilgin and Menendez, Monica},
  journal={Transportation Research Record: Journal of the Transportation Research Board},
  number={2560},
  pages={36--46},
  year={2016},
  publisher={Transportation Research Board of the National Academies}
}

@inproceedings{newell1981blocking,
  title={Blocking effects for synchronized signals},
  author={Newell, GF},
  booktitle={Proc., 8th International Symp. on Transportation and Traffic Theory, University of Toronto Press, Toronto, Canada},
  year={1981}
}

@inproceedings{vlassis2004anytime,
  title={Anytime algorithms for multiagent decision making using coordination graphs},
  author={Vlassis, Nikos and Elhorst, Reinoud and Kok, Jelle R},
  booktitle={Proceedings of the International Conference on Systems, Man and Cybernetics},
  pages={953--957},
  year={2004},
  organization={Institute of Electronics Engineers}
}

@article{taylor2009transfer,
  title={Transfer learning for reinforcement learning domains: A survey},
  author={Taylor, Matthew E and Stone, Peter},
  journal={Journal of Machine Learning Research},
  volume={10},
  number={Jul},
  pages={1633--1685},
  year={2009}
}

@inproceedings{oliehoek2013approximate,
  title={Approximate solutions for factored Dec-POMDPs with many agents},
  author={Oliehoek, Frans A and Whiteson, Shimon and Spaan, Matthijs TJ},
  booktitle={Proceedings of the 2013 international conference on Autonomous agents and multi-agent systems},
  pages={563--570},
  year={2013},
  organization={International Foundation for Autonomous Agents and Multiagent Systems}
}


@book{urbanik2015signal,
  title={Signal timing manual},
  author={Urbanik, Thomas and Tanaka, Alison and Lozner, Bailey and Lindstrom, Eric and Lee, Kevin and Quayle, Shaun and Beaird, Scott and Tsoi, Shing and Ryus, Paul and Gettman, Doug and others},
  year={2015},
  publisher={Transportation Research Board}
}

@article{robertson1969transyt,
  title={TRANSYT: a traffic network study tool},
  author={Robertson, Dennis I},
  year={1969}
}

@article{little1981maxband,
  title={MAXBAND: A versatile program for setting signals on arteries and triangular networks},
  author={Little, John DC and Kelson, Mark D and Gartner, Nathan H},
  year={1981},
  publisher={Alfred P. Sloan School of Management, Massachusetts Institute of Technology}
}

@article{kergaye2010comparative,
  title={Comparative evaluation of adaptive traffic control system assessments through field and microsimulation},
  author={Kergaye, Cameron and Stevanovic, Aleksandar and Martin, Peter T},
  journal={Journal of Intelligent Transportation Systems},
  volume={14},
  number={2},
  pages={109--124},
  year={2010},
  publisher={Taylor \& Francis}
}

@inproceedings{yang2005intelligent,
  title={Intelligent cooperation control of urban traffic networks},
  author={Yang, Zhao-sheng and Chen, Xin and Tang, Yang-shan and Sun, Jian-ping},
  booktitle={Machine Learning and Cybernetics, 2005. Proceedings of 2005 International Conference on},
  volume={3},
  pages={1482--1486},
  year={2005},
  organization={IEEE}
}

@inproceedings{france2003multiagent,
  title={A multiagent system for optimizing urban traffic},
  author={France, John and Ghorbani, Ali A},
  booktitle={null},
  pages={411},
  year={2003},
  organization={IEEE}
}

@inproceedings{da2006adaptive,
  title={Adaptive traffic control with reinforcement learning},
  author={da Silva, ALCB Bruno Castro and de Oliveria, Denise and Basso, EW},
  booktitle={Conference on Autonomous Agents and Multiagent Systems (AAMAS)},
  pages={80--86},
  year={2006}
}

@book{poundstone1993prisoner,
  title={Prisoner's Dilemma/John von Neumann, Game Theory and the Puzzle of the Bomb},
  author={Poundstone, William},
  year={1993},
  publisher={Anchor}
}

@article{brockfeld2001optimizing,
  title={Optimizing traffic lights in a cellular automaton model for city traffic},
  author={Brockfeld, Elmar and Barlovic, Robert and Schadschneider, Andreas and Schreckenberg, Michael},
  journal={Physical Review E},
  volume={64},
  number={5},
  pages={056132},
  year={2001},
  publisher={APS}
}

@article{shannon2001mathematical,
  title={A mathematical theory of communication},
  author={Shannon, Claude Elwood},
  journal={ACM SIGMOBILE mobile computing and communications review},
  volume={5},
  number={1},
  pages={3--55},
  year={2001},
  publisher={ACM}
}

@article{chen2017cooperative,
  title={Cooperative traffic control with green wave coordination for multiple intersections based on the internet of vehicles},
  author={Chen, Lien-Wu and Chang, Chia-Chen},
  journal={IEEE Transactions on Systems, Man, and Cybernetics: Systems},
  volume={47},
  number={7},
  pages={1321--1335},
  year={2017},
  publisher={IEEE}
}

@article{bernstein2002complexity,
  title={The complexity of decentralized control of Markov decision processes},
  author={Bernstein, Daniel S and Givan, Robert and Immerman, Neil and Zilberstein, Shlomo},
  journal={Mathematics of operations research},
  volume={27},
  number={4},
  pages={819--840},
  year={2002},
  publisher={INFORMS}
}

@article{varaiya2013max,
  title={Max pressure control of a network of signalized intersections},
  author={Varaiya, Pravin},
  journal={Transportation Research Part C: Emerging Technologies},
  volume={36},
  pages={177--195},
  year={2013},
  publisher={Elsevier}
}

@article{MP13,
  title={Max pressure control of a network of signalized intersections},
  author={Varaiya, Pravin},
  journal={Transportation Research Part C: Emerging Technologies},
  volume={36},
  pages={177--195},
  year={2013},
  publisher={Elsevier}
}

@book{MP13book,
author = {Varaiya, Pravin},
doi = {10.1007/978-1-4614-6243-9},
isbn = {978-1-4614-6242-2},
title = {{The Max-Pressure Controller for Arbitrary Networks of Signalized Intersections}},
volume = {2},
year = {2013}
}

@article{MP13-adaptvie,
  title={Adaptive Max Pressure Control of Network of Signalized Intersections},
  author={Lioris, Jennie and Kurzhanskiy, Alex and Varaiya, Pravin},
  journal={Transportation Research Part C},
  volume={36},
  number={22},
  pages={177-195},
  year={2013},
}

@article{Casa17PG,
annote = {Axirv, policy-gradient},
author = {Casas, Noe},
journal = {arXiv preprint arXiv:1703.09035},
title = {{Deep Deterministic Policy Gradient for Urban Traffic Light Control}},
year = {2017}
}

@article{AsMW17AC,
  title={Adaptive traffic signal control with actor-critic methods in a real-world traffic network with different traffic disruption events},
  author={Aslani, Mohammad and Mesgari, Mohammad Saadi and Wiering, Marco},
  journal={Transportation Research Part C Emerging Technologies},
  volume={85},
  pages={732-752},
  year={2017},
}

@article{BPT14,
  title={Distributed learning and multi-objectivity in traffic light control},
  author={Brys, Tim and Pham, Tong T and Taylor, Matthew E},
  journal={Connection Science},
  volume={26},
  number={1},
  pages={65--83},
  year={2014},
  publisher={Taylor \& Francis}
}

@article{PraB11,
author = {Prashanth, L A and Bhatnagar, Shalabh},
doi = {10.1109/ITSC.2011.6082823},
isbn = {978-1-4577-2197-7},
issn = {2153-0009},
journal = {2011 14th International IEEE Conference on Intelligent Transportation Systems (ITSC)},
pages = {1640--1645},
title = {{Reinforcement learning with average cost for adaptive control of traffic lights at intersections}},
year = {2011}
}

@article{BSSN+05,
  title={Cooperative multi-agent reinforcement learning of traffic lights},
  author={Bakker, Bram and Steingrover, M and Schouten, Roelant and Nijhuis, EHJ and Kester, LJHM and others},
  year={2005}
}


@inproceedings{PBTB+13,
  title={Learning coordinated traffic light control},
  author={Pham, Tong Thanh and Brys, Tim and Taylor, Matthew E and Brys, Tim and Drugan, Madalina M and Bosman, PA and Cock, Martine-De and Lazar, Cosmin and Demarchi, L and Steenhoff, David and others},
  booktitle={Proceedings of the Adaptive and Learning Agents workshop (at AAMAS-13)},
  volume={10},
  pages={1196--1201},
  year={2013},
  organization={IEEE}
}

@article{Liang18,
  title={Deep reinforcement learning for traffic light control in vehicular networks},
  author={Liang, Xiaoyuan and Du, Xunsheng and Wang, Guiling and Han, Zhu},
  journal={arXiv preprint arXiv:1803.11115},
  year={2018}
}

@article{ZZXW+19,
  author    = {Zheng, Guanjie and 
                Zang, Xinshi and
                Xu, Nan and
                Wei, Hua and
                Yu, Zhengyao and
                Gayah, Vikash and
                Xu, Kai and 
                Li, Zhenhui},
  title     = {Diagnosing Reinforcement Learning for Traffic Signal Control},
  journal   = {CoRR},
  volume    = {abs/1905.04716},
  year      = {2019},
  archivePrefix = {arXiv},
  eprint    = {1905.04716}
}
Guanjie Zheng, Yuanhao Xiong, Xinshi Zang, Jie Feng, Hua Wei, Huichu Zhang, Yong Li, Kai Xu and Zhenhui Jessie Li

@article{ZXZF+19,
  author    = {Zheng, Guanjie and 
                Xiong, Yuanhao and
                Zang, Xinshi and
                Feng, Jie and
                Wei, Hua and
                Zhang, Huichu and
                Li, Yong and
                Xu, Kai and 
                Li, Zhenhui},
  title     = {Learning Phase Competition for Traffic Signal Control},
  journal   = {CoRR},
  volume    = {abs/1905.04722},
  year      = {2019},
  archivePrefix = {arXiv},
  eprint    = {1905.04722}
}

@article{huichu19,
  author    = {Zhang, Huichu and 
                Feng, Siyuan and
                Liu, Chang and
                Ding, Yaoyao and
                Zhu, Yichen and
                Zhou, Zihan and
                Zhang, Weinan and
                Yu, Yong and 
                Jin, Haiming and 
                Li, Zhenhui},
  title     = {CityFlow: A Multi-Agent Reinforcement Learning Environment for Large Scale City Traffic Scenario},
  booktitle={Proceedings of the 2019 World Wide Web Conference on World Wide Web},
  year      = {2019},
}
}
